@inproceedings{werling2010optimal,
  title={Optimal trajectory generation for dynamic street scenarios in a frenet frame},
  author={Werling, Moritz and Ziegler, Julius and Kammel, S{\"o}ren and Thrun, Sebastian},
  booktitle={Robotics and Automation (ICRA), 2010 IEEE International Conference on},
  pages={987--993},
  year={2010},
  organization={IEEE}
}

@misc{Frenet–S42:online,
author = {},
title = {Frenet–Serret formulas - Wikipedia},
howpublished = {\url{https://en.wikipedia.org/wiki/Frenet%E2%80%93Serret_formulas}},
month = {},
year = {},
note = {(Accessed on 08/12/2017)}
}

@misc{Gradient43:online,
author = {},
title = {Gradient descent - Wikipedia},
howpublished = {\url{https://en.wikipedia.org/wiki/Gradient_descent}},
month = {},
year = {},
note = {(Accessed on 08/12/2017)}
}
